<record><leader>00000cas a22000007a 4500</leader><controlfield tag="001">38245115</controlfield><controlfield tag="008">980122d18581858meudr ne      0    0eng d</controlfield><datafield ind1=" " ind2=" " tag="010"><subfield code="a">sn 97069018 </subfield></datafield><datafield ind1=" " ind2=" " tag="040"><subfield code="a">MBN</subfield><subfield code="b">eng</subfield><subfield code="c">MBN</subfield><subfield code="d">OCLCQ</subfield><subfield code="d">OCLCF</subfield><subfield code="d">OCLCO</subfield></datafield><datafield ind1="1" ind2=" " tag="029"><subfield code="a">AU@</subfield><subfield code="b">000013714747</subfield></datafield><datafield ind1=" " ind2=" " tag="042"><subfield code="a">msc</subfield></datafield><datafield ind1=" " ind2=" " tag="043"><subfield code="a">n-us-me</subfield></datafield><datafield ind1="0" ind2="0" tag="245"><subfield code="a">Bath daily times.</subfield></datafield><datafield ind1=" " ind2=" " tag="260"><subfield code="a">Bath, Me. :</subfield><subfield code="b">Gilman &amp; Roberts</subfield></datafield><datafield ind1=" " ind2=" " tag="300"><subfield code="a">v.</subfield></datafield><datafield ind1=" " ind2=" " tag="310"><subfield code="a">Daily (except Sunday)</subfield></datafield><datafield ind1="0" ind2=" " tag="362"><subfield code="a">Vol. 6, no. 918 (Aug. 14, 1858)-v. 6, no. 941 (Sept. 10, 1858).</subfield></datafield><datafield ind1=" " ind2=" " tag="580"><subfield code="a">Formed by the union of: Bath daily tribune and eastern times, and: People's organ.</subfield></datafield><datafield ind1=" " ind2="0" tag="651"><subfield code="a">Bath (Me.)</subfield><subfield code="v">Newspapers.</subfield></datafield><datafield ind1=" " ind2="7" tag="655"><subfield code="a">Newspapers.</subfield><subfield code="2">fast</subfield><subfield code="0">(OCoLC)fst01423814</subfield></datafield><datafield ind1=" " ind2="7" tag="651"><subfield code="a">Maine</subfield><subfield code="z">Bath.</subfield><subfield code="2">fast</subfield><subfield code="0">(OCoLC)fst01210217</subfield></datafield><datafield ind1=" " ind2=" " tag="752"><subfield code="a">United States</subfield><subfield code="b">Maine</subfield><subfield code="c">Sagadahoc</subfield><subfield code="d">Bath.</subfield></datafield><datafield ind1="1" ind2=" " tag="775"><subfield code="t">Eastern times (Bath, Me. : 1858)</subfield><subfield code="w">(DLC)sn 99066547</subfield></datafield><datafield ind1="1" ind2="4" tag="780"><subfield code="t">Bath daily tribune and eastern times</subfield><subfield code="w">(DLC)sn 83021249</subfield></datafield><datafield ind1="1" ind2="4" tag="780"><subfield code="t">People's organ</subfield><subfield code="w">(DLC)sn 83021248</subfield></datafield><datafield ind1="0" ind2="0" tag="785"><subfield code="t">Bath daily morning times</subfield><subfield code="w">(DLC)sn 83021241</subfield></datafield></record>